<collection xmlns="http://www.loc.gov/MARC21/slim">
   <record>
      <leader>04882nam a2200625 u 4500</leader>
      <controlfield tag="001">6749848</controlfield>
      <controlfield tag="003">DcWaAPA</controlfield>
      <controlfield tag="005">20141107092055.0</controlfield>
      <controlfield tag="006">m     o  d        </controlfield>
      <controlfield tag="007">cr</controlfield>
      <controlfield tag="008">141107s2015    dcu     ob    001 0 eng d</controlfield>
      <datafield ind1=" " ind2=" " tag="020">
         <subfield code="a">9781433818202 (hardcover)</subfield>
      </datafield>
      <datafield ind1=" " ind2=" " tag="020">
         <subfield code="a">1433818205 (hardcover)</subfield>
      </datafield>
      <datafield ind1=" " ind2=" " tag="020">
         <subfield code="a">1433818213 (electronic bk.)</subfield>
      </datafield>
      <datafield ind1=" " ind2=" " tag="020">
         <subfield code="a">9781433818219 (electronic bk.)</subfield>
      </datafield>
      <datafield ind1=" " ind2=" " tag="035">
         <subfield code="a">ocn894684484</subfield>
      </datafield>
      <datafield ind1=" " ind2=" " tag="039">
         <subfield code="a">exclude</subfield>
      </datafield>
      <datafield ind1=" " ind2=" " tag="040">
         <subfield code="a">DcWaAPA</subfield>
         <subfield code="d">AEU</subfield>
      </datafield>
      <datafield ind1=" " ind2="4" tag="050">
         <subfield code="a">RC480.5</subfield>
         <subfield code="b">.G65 2015</subfield>
      </datafield>
      <datafield ind1="1" ind2="0" tag="060">
         <subfield code="a">WM 420</subfield>
      </datafield>
      <datafield ind1="0" ind2="4" tag="082">
         <subfield code="a">616.89/14</subfield>
         <subfield code="2">23</subfield>
      </datafield>
      <datafield ind1=" " ind2=" " tag="090">
         <subfield code="a">Internet Access</subfield>
         <subfield code="b">AEU</subfield>
      </datafield>
      <datafield ind1=" " ind2=" " tag="090">
         <subfield code="a">Internet Access</subfield>
         <subfield code="b">AEC</subfield>
      </datafield>
      <datafield ind1=" " ind2=" " tag="090">
         <subfield code="a">Internet Access</subfield>
         <subfield code="b">AEGMCT</subfield>
      </datafield>
      <datafield ind1="1" ind2=" " tag="100">
         <subfield code="a">Goldman, Rhonda N.</subfield>
         <subfield code="0">http://id.loc.gov/authorities/names/n2003128364</subfield>
         <subfield code="0">http://viaf.org/viaf/43684241</subfield>
      </datafield>
      <datafield ind1="1" ind2="0" tag="245">
         <subfield code="a">Case formulation in emotion-focused therapy</subfield>
         <subfield code="h">[electronic resource] :</subfield>
         <subfield code="b">co-creating clinical maps for change /</subfield>
         <subfield code="c">by Rhonda N. Goldman and Leslie S. Greenberg.</subfield>
      </datafield>
      <datafield ind1=" " ind2=" " tag="250">
         <subfield code="a">1st ed.</subfield>
      </datafield>
      <datafield ind1=" " ind2=" " tag="260">
         <subfield code="a">Washington, D.C. :</subfield>
         <subfield code="b">American Psychological Association,</subfield>
         <subfield code="c">2015.</subfield>
      </datafield>
      <datafield ind1=" " ind2=" " tag="300">
         <subfield code="a">1 online resource (x, 238 p.)</subfield>
      </datafield>
      <datafield ind1=" " ind2=" " tag="504">
         <subfield code="a">Includes bibliographical references and index.</subfield>
      </datafield>
      <datafield ind1="0" ind2=" " tag="505">
         <subfield code="a">Introduction to EFT case formulation -- The basics of emotion-focused therapy -- Historical, epistemological, and philosophical underpinnings of case formulation in emotion-focused therapy -- Stage 1: unfold the narrative and observe emotional processing style -- Stage 2: co-create a focus and identify the core emotion -- Stage 3: process formulation -- Sophie -- Jina -- Case formulation application charts.</subfield>
      </datafield>
      <datafield ind1=" " ind2=" " tag="520">
         <subfield code="a">"Emotion-focused therapy (EFT) views clinical disorders as, at base, emotional disorders. Case formulation in EFT represents an organizing framework and a map to help therapists specifically address these emotional problems. This book presents a detailed, concrete, step-by-step process for constructing an emotion-focused case formulation, ready for use with clients. EFT case formulation focuses on the client's narrative content (the stories they tell) as well as emotional processing (how the client feels). By attending to the interaction between these two things and paying particular attention to the painful emotion underlying the presenting problem, therapists can make moment-to-moment decisions about how to proceed in therapy. As a result, clients change maladaptive emotions and create more adaptive meaning of events and feelings. The chapters present each stage of case formulation in depth, followed by case examples that apply the case formulation method to a cross-section of clinical disorders, including depression, anxiety, trauma, and eating disorders"--Publicity materials. (PsycINFO Database Record (c) 2014 APA, all rights reserved).</subfield>
      </datafield>
      <datafield ind1=" " ind2=" " tag="533">
         <subfield code="a">Electronic reproduction.</subfield>
         <subfield code="b">Washington, D.C. :</subfield>
         <subfield code="c">American Psychological Association,</subfield>
         <subfield code="d">2014.</subfield>
         <subfield code="n">Available via World Wide Web.</subfield>
         <subfield code="n">Access limited by licensing agreement.</subfield>
         <subfield code="7">s2014    dcunns</subfield>
      </datafield>
      <datafield ind1=" " ind2=" " tag="596">
         <subfield code="a">21 44 57</subfield>
      </datafield>
      <datafield ind1=" " ind2="2" tag="650">
         <subfield code="a">Emotions.</subfield>
         <subfield code="0">http://id.nlm.nih.gov/mesh/D004644</subfield>
      </datafield>
      <datafield ind1=" " ind2="2" tag="650">
         <subfield code="a">Psychotherapy</subfield>
         <subfield code="x">methods.</subfield>
         <subfield code="0">http://id.nlm.nih.gov/mesh/D011613Q000379</subfield>
      </datafield>
      <datafield ind1=" " ind2="2" tag="650">
         <subfield code="a">Narration.</subfield>
         <subfield code="0">http://id.nlm.nih.gov/mesh/D033262</subfield>
      </datafield>
      <datafield ind1=" " ind2="2" tag="650">
         <subfield code="a">Patient Care Planning.</subfield>
         <subfield code="0">http://id.nlm.nih.gov/mesh/D010347</subfield>
      </datafield>
      <datafield ind1=" " ind2="0" tag="650">
         <subfield code="a">Emotions.</subfield>
         <subfield code="0">http://id.loc.gov/authorities/subjects/sh85042818</subfield>
      </datafield>
      <datafield ind1=" " ind2="0" tag="650">
         <subfield code="a">Psychotherapy</subfield>
         <subfield code="x">Methodology.</subfield>
         <subfield code="0">http://id.loc.gov/authorities/subjects/sh98003146</subfield>
      </datafield>
      <datafield ind1=" " ind2="0" tag="650">
         <subfield code="a">Narration (Rhetoric)</subfield>
         <subfield code="0">http://id.loc.gov/authorities/subjects/sh85089833</subfield>
      </datafield>
      <datafield ind1=" " ind2="0" tag="650">
         <subfield code="a">Medical protocols.</subfield>
         <subfield code="0">http://id.loc.gov/authorities/subjects/sh85083005</subfield>
      </datafield>
      <datafield ind1="1" ind2=" " tag="700">
         <subfield code="a">Greenberg, Leslie S.</subfield>
         <subfield code="0">http://id.loc.gov/authorities/names/n82120862</subfield>
         <subfield code="0">http://viaf.org/viaf/22315200</subfield>
      </datafield>
      <datafield ind1="2" ind2=" " tag="710">
         <subfield code="a">American Psychological Association.</subfield>
         <subfield code="0">http://id.loc.gov/authorities/names/n80126082</subfield>
         <subfield code="0">http://viaf.org/viaf/153428680</subfield>
      </datafield>
      <datafield ind1=" " ind2=" " tag="758">
         <subfield code="0">http://worldcat.org/entity/work/id/1151177044</subfield>
      </datafield>
      <datafield ind1="0" ind2=" " tag="787">
         <subfield code="n">OCLC Work Id</subfield>
         <subfield code="o">http://worldcat.org/entity/work/id/1151177044</subfield>
      </datafield>
      <datafield ind1="4" ind2="0" tag="856">
         <subfield code="3">University of Alberta Access</subfield>
         <subfield code="u">http://ovidsp.ovid.com/ovidweb.cgi?T=JS&amp;NEWS=N&amp;PAGE=toc&amp;SEARCH=2014-25807.dd&amp;LINKTYPE=asBody&amp;D=psbk</subfield>
      </datafield>
      <datafield ind1="4" ind2="0" tag="856">
         <subfield code="3">MacEwan University Access</subfield>
         <subfield code="u">http://search.ebscohost.com/direct.asp?db=pzh&amp;jid=%22201425807%22&amp;scope=site</subfield>
      </datafield>
      <datafield ind1="4" ind2="0" tag="856">
         <subfield code="3">Concordia University of Edmonton Access</subfield>
         <subfield code="u">http://search.ebscohost.com/login.aspx?direct=true&amp;db=pzh&amp;jid=201425807&amp;site=ehost-live</subfield>
      </datafield>
      <datafield ind1=" " ind2=" " tag="949">
         <subfield code="h">UAIN</subfield>
         <subfield code="z">PSYCBOOKS</subfield>
      </datafield>
      <datafield ind1=" " ind2=" " tag="949">
         <subfield code="h">UAIN</subfield>
         <subfield code="m">CONCORDIA</subfield>
         <subfield code="z">PSYCBKSCON</subfield>
      </datafield>
      <datafield ind1=" " ind2=" " tag="949">
         <subfield code="h">UAIN</subfield>
         <subfield code="m">GR_MAC_INT</subfield>
         <subfield code="z">PSYCBKSGM</subfield>
      </datafield>
      <datafield ind1=" " ind2=" " tag="926">
         <subfield code="a">Internet Access</subfield>
         <subfield code="w">LC</subfield>
         <subfield code="c">1</subfield>
         <subfield code="i">6749848-1001</subfield>
         <subfield code="l">INTERNET</subfield>
         <subfield code="m">UAINTERNET</subfield>
         <subfield code="r">Y</subfield>
         <subfield code="s">Y</subfield>
         <subfield code="t">E-RESOURCE</subfield>
         <subfield code="u">12/2/2014</subfield>
         <subfield code="x">E-BOOK</subfield>
         <subfield code="z">PSYCBOOKS</subfield>
      </datafield>
      <datafield ind1=" " ind2=" " tag="926">
         <subfield code="a">Internet Access</subfield>
         <subfield code="w">LC</subfield>
         <subfield code="c">1</subfield>
         <subfield code="i">6749848-2001</subfield>
         <subfield code="l">INTERNET</subfield>
         <subfield code="m">CONCORDIA</subfield>
         <subfield code="r">Y</subfield>
         <subfield code="s">Y</subfield>
         <subfield code="t">E-RESOURCE</subfield>
         <subfield code="u">12/2/2014</subfield>
         <subfield code="x">E-BOOK</subfield>
         <subfield code="z">PSYCBKSCON</subfield>
      </datafield>
      <datafield ind1=" " ind2=" " tag="926">
         <subfield code="a">Internet Access</subfield>
         <subfield code="w">LC</subfield>
         <subfield code="c">1</subfield>
         <subfield code="i">6749848-3001</subfield>
         <subfield code="l">INTERNET</subfield>
         <subfield code="m">GR_MAC_INT</subfield>
         <subfield code="r">Y</subfield>
         <subfield code="s">Y</subfield>
         <subfield code="t">E-RESOURCE</subfield>
         <subfield code="u">12/2/2014</subfield>
         <subfield code="x">E-BOOK</subfield>
         <subfield code="z">PSYCBKSGM</subfield>
      </datafield>
   </record>
</collection>
